@online{i2cspec,
	author = {NXP Semiconductors},
	title = {I$^2$C-bus specification and user manual},
	year = 2014,
	url = {https://www.nxp.com/docs/en/user-guide/UM10204.pdf},
	urldate = {2018-12-16}
}

@online{i2clicense,
	author={Jean-Marc Irazabal and Steve Blozis},
	title={I$^2$C Manual},
	year=2013,
	url={https://www.nxp.com/docs/en/application-note/AN10216.pdf},
	urldate={2018-12-16}
}

@online{pcispec,
	author={PCI Special Interest Group},
	title={PCI Local Bus Specification},
	year=1998,
	url={https://www.ics.uci.edu/~harris/ics216/pci/PCI_22.pdf},
	urldate={2018-12-17}
}

@online{linuxdocs,
	author={David A. Rusling},
	title={Chapter 6: PCI - The Linux Documentation Project},
	year=1999,
	url={http://tldp.org/LDP/tlk/dd/pci.html},
	urldate={2018-12-17}
}

@online{dmainfo,
	author={The Infinite Loop},
	title={An overview of direct memory access},
	year={2014},
	url={https://geidav.wordpress.com/2014/04/27/an-overview-of-direct-memory-access/},
	urldate={2018-12-17}
}

@online{hotswap,
	author={PCI Special Interest Group},
	title={PCI Hot-Plug Specification},
	year=2001,
	url={http://www.drydkim.com/MyDocuments/PCI%20Spec/specifications/pcihp1_1.pdf},
	urldate={2018-12-17}
}